
@article{rfid,
	title = {{Emergency Medical Services Providers Try New Equipment-Managing RFID Solution}},
	author = {Claire Swedberg},
    journal = "RFID Journal",
    year = 2012,
    note = {\url{http://www.rfidjournal.com/articles/view?10184}} 
},

@article{checks,
	title = {{Start Your Ambulance Checks with the Essentials}},
    author = {Thom Dick},
    journal = "Journal of Emergency Medical Services",
    year = 2013,
    note = {\url{http://www.jems.com/articles/print/volume-38/issue-7/vehicle-ops/start-your-ambulance-checks-essentials.html}}
},

@article{checkout,
	title = {{Future of Self Checkout}},
    author = {Naveen Nagaraj et al.},
    journal = "Sutardja Center for Entrepreneurship & Technology",
    year = 2016,
    note = {\url{http://scet.berkeley.edu/wp-content/uploads/Future-of-Self-Checkout-Presentation.pdf}}
},

@article{github,
	title = {{Github Smart-Bag}},
    author = {Galen Weld and Kevin Guo},
    journal = "Github/galenweld",
    year = 2017,
    note = {\url{https://www.github.com/galenweld/smart-bag}}
},

@article{cuems,
	title = {{Cornell University Emergency Medical Services}},
    journal = "Cornell University Website",
    year = 2017,
    note = {\url{http://cuems.cornell.edu/}}
},

@article{pelicase,
	title = {{Rakshak TS 976 Protective Waterproof Hard Case}},
    journal = "Amazon.com Online Shopping",
    year = 2017,
    note = {\url{https://smile.amazon.com/Rakshak-Protective-Waterproof-Cameras-Electronics/dp/B00NG5DIJQ/ref=pd_sim_107_1}}
},

@article{arduino,
	title = {{Arduino UNO and Genuino UNO}},
    journal = "Arduino Project Website",
    year = 2017,
    note = {\url{https://www.arduino.cc/en/main/arduinoBoardUno}}
},

@article{rfid_breakout,
	title = {{PN532 NFC/RFID controller breakout board}},
    journal = "Adafruit Industries Online Store",
    year = 2017,
    note = {\url{https://www.adafruit.com/product/364}}
},

@article{rfid_tag,
	title = {{13.56MHz RFID/NFC Sticker - 1KB}},
    journal = "Adafruit Industries Online Store",
    year = 2017,
    note = {\url{https://www.adafruit.com/product/362}}
},

@article{drugs,
	title = {{Drugs kept in ambulances can be unusable in weeks}},
    author = {Andrew M. Seaman},
    journal = "Reuters News Agency",
    year = 2013,
    note = {\url{http://www.reuters.com/article/us-drugs-ambulances-unusable-idUSBRE95614T20130607}}
}

@article{response,
	title = {{BC Ambulance takes heat over missing specialized equipment}},
    author = {Alexandra Posadzki}
    journal = "The Globe and Mail",
    year = 2014,
    note = {\url{http://www.theglobeandmail.com/news/british-columbia/bc-ambulance-takes-heat-over-missing-specialized-equipment/article18861765/}}
}

}





